<?xml version='1.0' encoding='UTF-8'?>
<marc:collection xmlns:marc="http://www.loc.gov/MARC21/slim" xmlns:xsi="http://www.w3.org/2001/XMLSchema-instance" xsi:schemaLocation="http://www.loc.gov/MARC21/slim http://www.loc.gov/standards/marcxml/schema/MARC21slim.xsd">
  <marc:record>
  <marc:leader>00000npm a22000007i 4500</marc:leader>
  <marc:controlfield>260602i19701990xx                 mul d</marc:controlfield>
  <marc:datafield tag="040" ind1=" " ind2=" ">
    <marc:subfield code="a">IUL</marc:subfield>
    <marc:subfield code="b">eng</marc:subfield>
    <marc:subfield code="e">rda</marc:subfield>
    <marc:subfield code="c">IUL</marc:subfield>
  </marc:datafield>
  <marc:datafield tag="041" ind1=" " ind2=" ">
    <marc:subfield code="a">eng</marc:subfield>
    <marc:subfield code="a">grc</marc:subfield>
    <marc:subfield code="a">heb</marc:subfield>
    <marc:subfield code="a">zul</marc:subfield>
    <marc:subfield code="a">gla</marc:subfield>
  </marc:datafield>
  <marc:datafield tag="041" ind1=" " ind2="7">
    <marc:subfield code="a">zgh</marc:subfield>
    <marc:subfield code="2">iso639-2b</marc:subfield>
  </marc:datafield>
  <marc:datafield tag="049" ind1=" " ind2=" ">
    <marc:subfield code="a">IULA</marc:subfield>
  </marc:datafield>
  <marc:datafield tag="100" ind1="3" ind2=" ">
    <marc:subfield code="a">West (Family : (West, Joseph Anderson, 1867-1947)) (1897- )</marc:subfield>
  </marc:datafield>
  <marc:datafield tag="245" ind1="1" ind2="0">
    <marc:subfield code="a">100 family name test/300 test/041 test/bulk incl date test</marc:subfield>
  </marc:datafield>
  <marc:datafield tag="264" ind1=" " ind2="0">
    <marc:subfield code="c">1970-1990</marc:subfield>
  </marc:datafield>
  <marc:datafield tag="264" ind1=" " ind2="0">
    <marc:subfield code="c">1988-1989</marc:subfield>
  </marc:datafield>
  <marc:datafield tag="300" ind1=" " ind2=" ">
    <marc:subfield code="a">1 container summary (x pages)</marc:subfield>
    <marc:subfield code="c">xx cm</marc:subfield>
    <marc:subfield code="a">1 Box</marc:subfield>
  </marc:datafield>
  <marc:datafield tag="506" ind1=" " ind2=" ">
    <marc:subfield code="a">This item is part of a collection that is open for research. Retrieval requires advance notice. Please contact the Cook Music Library to access this item.</marc:subfield>
  </marc:datafield>
  <marc:datafield tag="546" ind1=" " ind2=" ">
    <marc:subfield code="a">English, Greek, Ancient (to 1453), Hebrew, Zulu, Gaelic; Scottish Gaelic, Standard Moroccan Tamazight</marc:subfield>
  </marc:datafield>
  <marc:datafield tag="690" ind1=" " ind2="7">
    <marc:subfield code="a">.</marc:subfield>
    <marc:subfield code="2">local</marc:subfield>
    <marc:subfield code="5">InU-Mu</marc:subfield>
  </marc:datafield>
  <marc:datafield tag="700" ind1="1" ind2="0">
    <marc:subfield code="a">Carmel, Dov,</marc:subfield>
    <marc:subfield code="d">1932-</marc:subfield>
  </marc:datafield>
</marc:record>