
  <marc:record>
  <marc:leader>00000npm a22000007i 4500</marc:leader>
  <marc:controlfield>260602s1556    xx                 und d</marc:controlfield>
  <marc:datafield tag="040" ind1=" " ind2=" ">
    <marc:subfield code="a">IUL</marc:subfield>
    <marc:subfield code="b">eng</marc:subfield>
    <marc:subfield code="e">rda</marc:subfield>
    <marc:subfield code="c">IUL</marc:subfield>
  </marc:datafield>
  <marc:datafield tag="049" ind1=" " ind2=" ">
    <marc:subfield code="a">IULA</marc:subfield>
  </marc:datafield>
  <marc:datafield tag="245" ind1="1" ind2="0">
    <marc:subfield code="a">5xx tests/inferred date test</marc:subfield>
  </marc:datafield>
  <marc:datafield tag="264" ind1=" " ind2="0">
    <marc:subfield code="c">]1556[</marc:subfield>
  </marc:datafield>
  <marc:datafield tag="500" ind1=" " ind2=" ">
    <marc:subfield code="a">Material Specific Details: ASpace note type Materials Specific Details content</marc:subfield>
  </marc:datafield>
  <marc:datafield tag="500" ind1=" " ind2=" ">
    <marc:subfield code="a">Physical Description note: ASpace note type Physical Description content</marc:subfield>
  </marc:datafield>
  <marc:datafield tag="500" ind1=" " ind2=" ">
    <marc:subfield code="a">Physical Description note: ASpace note type Physical Facet content</marc:subfield>
  </marc:datafield>
  <marc:datafield tag="500" ind1=" " ind2=" ">
    <marc:subfield code="a">Location of resource: ASpace note type Physical Location content</marc:subfield>
  </marc:datafield>
  <marc:datafield tag="500" ind1=" " ind2=" ">
    <marc:subfield code="a">Physical Description note: ASpace note type Dimensions content</marc:subfield>
  </marc:datafield>
  <marc:datafield tag="500" ind1=" " ind2=" ">
    <marc:subfield code="a">ASpace note type General content</marc:subfield>
  </marc:datafield>
  <marc:datafield tag="500" ind1=" " ind2=" ">
    <marc:subfield code="a">Physical Characteristics / Technical Requirements: ASpace note type Physical Characteristics and Technical Requirements content</marc:subfield>
  </marc:datafield>
  <marc:datafield tag="500" ind1=" " ind2=" ">
    <marc:subfield code="a">Processing Information: ASpace note type Processing Information content</marc:subfield>
  </marc:datafield>
  <marc:datafield tag="500" ind1=" " ind2=" ">
    <marc:subfield code="a">Materials Separated from the Resource: ASpace note type Separated Materials content</marc:subfield>
  </marc:datafield>
  <marc:datafield tag="506" ind1=" " ind2=" ">
    <marc:subfield code="a">ASpace note type content</marc:subfield>
  </marc:datafield>
  <marc:datafield tag="520" ind1="3" ind2=" ">
    <marc:subfield code="a">ASpace note type Abstract content</marc:subfield>
  </marc:datafield>
  <marc:datafield tag="520" ind1="2" ind2=" ">
    <marc:subfield code="a">ASpace note type Scope and Contents content</marc:subfield>
  </marc:datafield>
  <marc:datafield tag="524" ind1=" " ind2=" ">
    <marc:subfield code="a">ASpace note type Preferred Citation content</marc:subfield>
  </marc:datafield>
  <marc:datafield tag="535" ind1="2" ind2=" ">
    <marc:subfield code="a">ASpace note type Existence and Location of Copies content</marc:subfield>
  </marc:datafield>
  <marc:datafield tag="535" ind1="1" ind2=" ">
    <marc:subfield code="a">ASpace note type Existence and Location of Originals content</marc:subfield>
  </marc:datafield>
  <marc:datafield tag="540" ind1=" " ind2=" ">
    <marc:subfield code="a">ASpace note type Legal Status content</marc:subfield>
  </marc:datafield>
  <marc:datafield tag="540" ind1=" " ind2=" ">
    <marc:subfield code="a">ASpace note type Conditions Governing Use content</marc:subfield>
  </marc:datafield>
  <marc:datafield tag="541" ind1="0" ind2=" ">
    <marc:subfield code="a">ASpace note type Immediate Source of Acq (Unpublished) content</marc:subfield>
  </marc:datafield>
  <marc:datafield tag="541" ind1="1" ind2=" ">
    <marc:subfield code="a">ASpace note type Immediate Source of Acq (Published) content</marc:subfield>
  </marc:datafield>
  <marc:datafield tag="544" ind1=" " ind2=" ">
    <marc:subfield code="n">ASpace note type Related Materials content</marc:subfield>
  </marc:datafield>
  <marc:datafield tag="545" ind1=" " ind2=" ">
    <marc:subfield code="a">ASpace note type Biographical/Historical content</marc:subfield>
  </marc:datafield>
  <marc:datafield tag="561" ind1="1" ind2=" ">
    <marc:subfield code="a">ASpace note type Custodial History (Published) content</marc:subfield>
  </marc:datafield>
  <marc:datafield tag="561" ind1="0" ind2=" ">
    <marc:subfield code="a">ASpace note type Custodial History (Unpublished) content</marc:subfield>
  </marc:datafield>
  <marc:datafield tag="583" ind1="1" ind2=" ">
    <marc:subfield code="a">ASpace note type Appraisal content</marc:subfield>
  </marc:datafield>
  <marc:datafield tag="584" ind1=" " ind2=" ">
    <marc:subfield code="a">ASpace note type Accruals content</marc:subfield>
  </marc:datafield>
  <marc:datafield tag="690" ind1=" " ind2="7">
    <marc:subfield code="a">.</marc:subfield>
    <marc:subfield code="2">local</marc:subfield>
    <marc:subfield code="5">InU-Mu</marc:subfield>
  </marc:datafield>
</marc:record>